<record><leader>00000cas a22000007a 4500</leader><controlfield tag="001">14938550</controlfield><controlfield tag="008">861208d18911899iauwr ne      0    0eng d</controlfield><datafield ind1=" " ind2=" " tag="010"><subfield code="a">sn 86061222 </subfield></datafield><datafield ind1=" " ind2=" " tag="040"><subfield code="a">INP</subfield><subfield code="b">eng</subfield><subfield code="c">INP</subfield><subfield code="d">OCLCQ</subfield><subfield code="d">UKMGB</subfield></datafield><datafield ind1="7" ind2=" " tag="016"><subfield code="a">013917709</subfield><subfield code="2">Uk</subfield></datafield><datafield ind1=" " ind2=" " tag="042"><subfield code="a">msc</subfield></datafield><datafield ind1="0" ind2=" " tag="130"><subfield code="a">Graphic (Postville, Iowa)</subfield></datafield><datafield ind1="1" ind2="4" tag="245"><subfield code="a">The graphic.</subfield></datafield><datafield ind1="1" ind2="3" tag="246"><subfield code="a">Postville graphic</subfield></datafield><datafield ind1=" " ind2=" " tag="260"><subfield code="a">Postville, Iowa :</subfield><subfield code="b">Ed. F. Medary,</subfield><subfield code="c">1891-1899.</subfield></datafield><datafield ind1=" " ind2=" " tag="300"><subfield code="a">8 v. :</subfield><subfield code="b">ill.</subfield></datafield><datafield ind1=" " ind2=" " tag="310"><subfield code="a">Weekly</subfield></datafield><datafield ind1="0" ind2=" " tag="362"><subfield code="a">Vol. 1, no. 1 (Dec. 10, 1891)-[v. 8, no. 23] (June 22, 1899).</subfield></datafield><datafield ind1=" " ind2=" " tag="500"><subfield code="a">Publisher varies.</subfield></datafield><datafield ind1=" " ind2=" " tag="515"><subfield code="a">Vol. 8, no. 8 (Mar. 9, 1899)-v. 8, no. 23 (June 22, 1899) misnumbered v. 8, no. 7-v. 8, no. 22.</subfield></datafield><datafield ind1=" " ind2=" " tag="752"><subfield code="a">United States</subfield><subfield code="b">Iowa</subfield><subfield code="c">Allamakee</subfield><subfield code="d">Postville.</subfield></datafield><datafield ind1="0" ind2=" " tag="775"><subfield code="t">Graphic (Postville, Iowa : German ed.)</subfield><subfield code="w">(DLC)sn 88059331</subfield><subfield code="g">Dec. 10-&lt;31, 1891&gt;</subfield></datafield><datafield ind1="0" ind2="0" tag="785"><subfield code="t">Allamakee Democrat</subfield><subfield code="w">(DLC)sn 88059330</subfield></datafield></record>